@MANUAL{svgspec,
    title = "Scalable Vector Graphics (SVG) 1.1 Specification",
    organization = "WWW Consorcium",
    url = "http://www.java.com/en/about/",
    note = "[cit. 2014-05-04]",
    key = "java"
}

@MANUAL{svgspec,
    title = "Scalable Vector Graphics (SVG) 1.1 Specification",
    organization = "WWW Consorcium",
    url = "http://tomcat.apache.org/",
    note = "[cit. 2011-07-07]",
    key = "apache"
}

@MANUAL{svgspec,
    title = "Scalable Vector Graphics (SVG) 1.1 Specification",
    organization = "WWW Consorcium",
    url = "http://dev.mysql.com/doc/refman/5.5/en/introduction.html",
    note = "[cit. 2011-07-07]",
    key = "mysql"
}

@MANUAL{svgspec,
    title = "Scalable Vector Graphics (SVG) 1.1 Specification",
    organization = "WWW Consorcium",
    url = "http://projects.spring.io/spring-framework",
    note = "[cit. 2011-07-07]",
    key = "spring"
}

@MANUAL{svgspec,
    title = "Scalable Vector Graphics (SVG) 1.1 Specification",
    organization = "WWW Consorcium",
    url = "http://docs.spring.io/spring-framework/docs/2.0.x/reference/mvc.html",
    note = "[cit. 2011-07-07]",
    key = "springmvc"
}

@MANUAL{svgspec,
    title = "Scalable Vector Graphics (SVG) 1.1 Specification",
    organization = "WWW Consorcium",
    url = "http://projects.spring.io/spring-security",
    note = "[cit. 2011-07-07]",
    key = "springsecurity"
}

@MANUAL{svgspec,
    title = "Scalable Vector Graphics (SVG) 1.1 Specification",
    organization = "WWW Consorcium",
    url = "http://docs.jboss.org/hibernate/orm/4.2/quickstart/en-US/html/pr01.html",
    note = "[cit. 2011-07-07]",
    key = "hibernate"
}

@MANUAL{svgspec,
    title = "Scalable Vector Graphics (SVG) 1.1 Specification",
    organization = "WWW Consorcium",
    url = " http://www.w3.org/html/wiki/FAQs",
    note = "[cit. 2011-07-07]",
    key = "html"
}

@MANUAL{svgspec,
    title = "Scalable Vector Graphics (SVG) 1.1 Specification",
    organization = "WWW Consorcium",
    url = "https://developer.mozilla.org/en-US/docs/Web/JavaScript",
    note = "[cit. 2011-07-07]",
    key = "javascript"
}

@MANUAL{svgspec,
    title = "Scalable Vector Graphics (SVG) 1.1 Specification",
    organization = "WWW Consorcium",
    url = "http://www.w3.org/Style/CSS/",
    note = "[cit. 2011-07-07]",
    key = "css"
}

@MANUAL{svgspec,
    title = "Scalable Vector Graphics (SVG) 1.1 Specification",
    organization = "WWW Consorcium",
    url = " http://www.oracle.com/technetwork/java/javaee/jsp/index.html",
    note = "[cit. 2011-07-07]",
    key = "jsp"
}

@MANUAL{svgspec,
    title = "Scalable Vector Graphics (SVG) 1.1 Specification",
    organization = "WWW Consorcium",
    url = "http://getbootstrap.com",
    note = "[cit. 2011-07-07]",
    key = "bootstrap"
}

@MANUAL{svgspec,
    title = "Scalable Vector Graphics (SVG) 1.1 Specification",
    organization = "WWW Consorcium",
    url = "https://jquery.com",
    note = "[cit. 2011-07-07]",
    key = "jQuery"
}

@MANUAL{svgspec,
    title = "Scalable Vector Graphics (SVG) 1.1 Specification",
    organization = "WWW Consorcium",
    url = "https://developer.mozilla.org/en-US/docs/Web/JavaScript",
    note = "[cit. 2011-07-07]",
    key = "javascript"
}

@MANUAL{svgspec,
    title = "Scalable Vector Graphics (SVG) 1.1 Specification",
    organization = "WWW Consorcium",
    url = "https://developer.mozilla.org/en-US/docs/Web/JavaScript",
    note = "[cit. 2011-07-07]",
    key = "javascript"
}

@MANUAL{svgspec,
    title = "Scalable Vector Graphics (SVG) 1.1 Specification",
    organization = "WWW Consorcium",
    url = "https://developer.mozilla.org/en-US/docs/Web/JavaScript",
    note = "[cit. 2011-07-07]",
    key = "javascript"
}

@BOOK{kobltypo,
	title = "Praktick{\' a} typografie",
	author = "Pavel Ko{\v c}i{\v c}ka and Filip Bla{\v z}ek",
	publisher = "Brno: Computer Press",
	year = "2004"
}

@BOOK{rybicka,
	title = "LaTeX pro za\v c\'ate\v cn\'\i{}ky",
	author = "Ji{\v r}{\' i} Rybi{\v c}ka",
	isbn = "80-7302-049-1",
	publisher = "Brno: Konvoj",
	edition = "3"
}

@MANUAL{iso690,
	organization = "\'U\v rad pro technickou normalizaci, metrologii a st\'atn\'\i{} zku\v sebnictv\'\i{}",
	title = "\v CSN ISO 690 Informace a dokumentace -- Pravidla pro bibliografick\'e odkazy a citace informa\v cn\'\i{}ch zdroj{\r u}",
	year = "2011"
}
